@article{10.1002/wcms.58,
    author = {Dieter Cremer},
    title = {Møller--Plesset perturbation theory: from small molecule methods to methods for thousands of atoms},
    journal = {WIREs Computational Molecular Science},
    volume = {1},
    pages = {509-530},
    doi = {10.1002/wcms.58},
    year = {2011}
}

@article{10.1063/1.460620,
    author = {John F. Stanton and Jürgen Gauss and John D. Watts and Rodney J. Bartlett},
    title = {A direct product decomposition approach for symmetry exploitation in many-body methods. I. Energy calculations},
    journal = {The Journal of Chemical Physics},
    volume = {94},
    pages = {4334-4345},
    year = {1991},
    doi = {10.1063/1.460620},
}

@article{10.1021/acs.jpclett.9b01641,
    author = {Luke W. Bertels and Joonho Lee and Martin Head-Gordon},
    title = {Third-Order Møller–Plesset Perturbation Theory Made Useful? Choice of Orbitals and Scaling Greatly Improves Accuracy for Thermochemistry, Kinetics, and Intermolecular Interactions},
    journal = {The Journal of Physical Chemistry Letters},
    volume = {10},
    pages = {4170-4176},
    year = {2019},
    doi = {10.1021/acs.jpclett.9b01641},
}

@incollection{10.1016/S0065-3276!08!60019-2,
    title = {Molecular integrals Over Gaussian Basis Functions},
    editor = {John R. Sabin and Michael C. Zerner},
    series = {Advances in Quantum Chemistry},
    publisher = {Academic Press},
    volume = {25},
    pages = {141-205},
    year = {1994},
    doi = {10.1016/S0065-3276(08)60019-2},
    author = {Peter M.W. Gill},
}
